@article{beeri1979computational,
  title={Computational problems related to the design of normal form relational schemas},
  author={Beeri, Catriel and Bernstein, Philip A},
  journal={ACM Transactions on Database Systems (TODS)},
  volume={4},
  number={1},
  pages={30--59},
  year={1979},
  publisher={ACM New York, NY, USA}
}

@article{codd13f,
  title={F. 1970. A relational model of data for large shared data banks},
  author={Codd, Edgar},
  journal={Communications of the Association for Computing Machinery 13 (6), 377},
  volume={87}
}

@article{fagin1977functional,
  title={Functional dependencies in a relational database and propositional logic},
  author={Fagin, Ronald},
  journal={IBM Journal of research and development},
  volume={21},
  number={6},
  pages={534--544},
  year={1977},
  publisher={IBM}
}

@article{huang2014programing,
  title={Programing implementation of the Quine-McCluskey method for minimization of Boolean expression},
  author={Huang, Jiangbo},
  journal={arXiv preprint arXiv:1410.1059},
  year={2014}
}

@book{maier1983theory,
  title={The theory of relational databases},
  author={Maier, David},
  volume={11},
  year={1983},
  publisher={Computer science press Rockville}
}

@article{maier1980minimum,
  title={Minimum covers in relational database model},
  author={Maier, David},
  journal={Journal of the ACM (JACM)},
  volume={27},
  number={4},
  pages={664--674},
  year={1980},
  publisher={ACM New York, NY, USA}
}

@article{peng2016optimal,
  title={Optimal covers in the relational database model},
  author={Peng, Xiaoning and Xiao, Zhijun},
  journal={Acta Informatica},
  volume={53},
  number={5},
  pages={459--468},
  year={2016},
  publisher={Springer}
}

@book{paredaens1977functional,
  title={About functional dependencies in a data base structure and their coverings},
  author={Paredaens, J},
  year={1977}
}

@article{delobel1973decomposition,
  title={Decomposition of a data base and the theory of Boolean switching functions},
  author={Delobel, Claude and Casey, Richard G.},
  journal={IBM Journal of Research and Development},
  volume={17},
  number={5},
  pages={374--386},
  year={1973},
  publisher={IBM}
}

@article{papenbrock2015functional,
  title={Functional dependency discovery: An experimental evaluation of seven algorithms},
  author={Papenbrock, Thorsten and Ehrlich, Jens and Marten, Jannik and Neubert, Tommy and Rudolph, Jan-Peer and Sch{\"o}nberg, Martin and Zwiener, Jakob and Naumann, Felix},
  journal={Proceedings of the VLDB Endowment},
  volume={8},
  number={10},
  pages={1082--1093},
  year={2015},
  publisher={VLDB Endowment}
}

@article{makhorin2008glpk,
  title={GLPK (GNU linear programming kit)},
  author={Makhorin, Andrew},
  journal={http://www. gnu. org/s/glpk/glpk. html},
  year={2008}
}

@book{plauger2000c++,
  title={C++ standard template library},
  author={Plauger, Phillip James and Lee, Meng and Musser, David and Stepanov, Alexander A},
  year={2000},
  publisher={Prentice Hall PTR}
}

@online{nlohmann_json,
  author = {Niels Lohmann},
  title = {FDC - Functional Dependencies' Covers},
  year = 2020,
  url = {https://github.com/nlohmann/json},
  urldate = {2020-10-31}
}

@article{barca2016gtest,
  title={GTest: a software tool for graphical assessment of empirical distributionsâ€™ Gaussianity},
  author={Barca, E and Bruno, E and Bruno, DE and Passarella, G},
  journal={Environmental monitoring and assessment},
  volume={188},
  number={3},
  pages={138},
  year={2016},
  publisher={Springer}
}

@misc{asuncion2007uci,
  title={UCI machine learning repository},
  author={Asuncion, Arthur and Newman, David},
  year={2007}
}

@online{githubfdc,
  author = {Guangrui Wang},
  title = {FDC - Functional Dependencies' Covers},
  year = 2020,
  url = {http://web.archive.org/web/20080207010024/http://www.808multimedia.com/winnt/kernel.htm},
  urldate = {2020-10-31}
}

@article{mccluskey1956minimization,
  title={Minimization of Boolean functions},
  author={McCluskey, Edward J},
  journal={The Bell System Technical Journal},
  volume={35},
  number={6},
  pages={1417--1444},
  year={1956},
  publisher={Nokia Bell Labs}
}
